@book{1,
  title={The Essays on Scientific Philosophy},
  author={Imtiaz, A.},
  isbn={9798370260773},
  year={2022},
  publisher={NeuroStol Publishing}
}
